@inproceedings{LedGriRabGro20145,
  author = {Fran√ßois Leduc-Primeau and Vincent Gripon
and Michael Rabbat and Warren Gross},
  title = {Cluster-based Associative Memories Built
From Unreliable Storage},
  booktitle = {ICASSP},
  year = {2014},
  month = {May},
  note = {To appear},
}

@article{GriBer20117,
  author = {Vincent Gripon and Claude Berrou},
  title = {Sparse neural networks with large learning
diversity},
  journal = {IEEE Transactions on Neural Networks},
  year = {2011},
  volume = {22},
  number = {7},
  pages = {1087--1096},
  month = {July},
}
